<record><leader>00000cas a22000007a 4500</leader><controlfield tag="001">14392937</controlfield><controlfield tag="008">861014d18991902inuwr ne      0    0eng d</controlfield><datafield ind1=" " ind2=" " tag="010"><subfield code="a">sn 86058840 </subfield></datafield><datafield ind1=" " ind2=" " tag="040"><subfield code="a">NPI</subfield><subfield code="b">eng</subfield><subfield code="c">NPI</subfield><subfield code="d">OCLCQ</subfield></datafield><datafield ind1=" " ind2=" " tag="042"><subfield code="a">msc</subfield></datafield><datafield ind1="0" ind2=" " tag="130"><subfield code="a">Decatur news (Decatur, Ind.)</subfield></datafield><datafield ind1="1" ind2="4" tag="245"><subfield code="a">The Decatur news.</subfield></datafield><datafield ind1=" " ind2=" " tag="260"><subfield code="a">Decatur, Ind. :</subfield><subfield code="b">N. Blackburn</subfield></datafield><datafield ind1=" " ind2=" " tag="300"><subfield code="a">v. :</subfield><subfield code="b">ill.</subfield></datafield><datafield ind1=" " ind2=" " tag="310"><subfield code="a">Weekly</subfield></datafield><datafield ind1="1" ind2=" " tag="362"><subfield code="a">Ceased in June 1902.</subfield></datafield><datafield ind1=" " ind2=" " tag="588"><subfield code="a">Description based on: Vol. 1, no. 22 (July 26, 1899).</subfield></datafield><datafield ind1=" " ind2=" " tag="752"><subfield code="a">United States</subfield><subfield code="b">Indiana</subfield><subfield code="c">Adams</subfield><subfield code="d">Decatur.</subfield></datafield></record>